<record><leader>00000cas a2200000 a 4500</leader><controlfield tag="001">9737729</controlfield><controlfield tag="008">830725d18051805vtuwr ne      0    0eng c</controlfield><datafield ind1=" " ind2=" " tag="010"><subfield code="a">sn 83025678 </subfield></datafield><datafield ind1=" " ind2=" " tag="040"><subfield code="a">NPV</subfield><subfield code="b">eng</subfield><subfield code="c">NPV</subfield><subfield code="d">NPX</subfield><subfield code="d">NPU</subfield><subfield code="d">DLC</subfield><subfield code="d">NJW</subfield><subfield code="d">KNP</subfield><subfield code="d">NSD</subfield><subfield code="d">KNP</subfield><subfield code="d">MGN</subfield><subfield code="d">CNK</subfield><subfield code="d">NVN</subfield><subfield code="d">OCL</subfield><subfield code="d">CVF</subfield><subfield code="d">NYS</subfield><subfield code="d">OCLCG</subfield><subfield code="d">KRTAS</subfield><subfield code="d">DLC</subfield><subfield code="d">OCLCQ</subfield><subfield code="d">OCLCA</subfield><subfield code="d">OCLCF</subfield></datafield><datafield ind1=" " ind2=" " tag="042"><subfield code="a">pcc</subfield></datafield><datafield ind1=" " ind2=" " tag="043"><subfield code="a">n-us-vt</subfield><subfield code="a">n-us-nh</subfield></datafield><datafield ind1=" " ind2=" " tag="045"><subfield code="a">w0w0</subfield></datafield><datafield ind1="0" ind2="0" tag="050"><subfield code="a">Newspaper</subfield></datafield><datafield ind1=" " ind2=" " tag="052"><subfield code="a">3753</subfield><subfield code="b">W5</subfield></datafield><datafield ind1="0" ind2="4" tag="245"><subfield code="a">The Post-boy, and Vermont &amp; New-Hampshire federal courier.</subfield></datafield><datafield ind1="3" ind2=" " tag="246"><subfield code="a">Post boy, and Vermont and New Hampshire federal courier</subfield></datafield><datafield ind1="1" ind2="7" tag="246"><subfield code="a">Post boy</subfield></datafield><datafield ind1=" " ind2=" " tag="260"><subfield code="a">Windsor, Vt. :</subfield><subfield code="b">Printed and published by Nahum Mower,</subfield><subfield code="c">1805.</subfield></datafield><datafield ind1=" " ind2=" " tag="300"><subfield code="a">v. ;</subfield><subfield code="c">29 cm.</subfield></datafield><datafield ind1=" " ind2=" " tag="310"><subfield code="a">Weekly</subfield></datafield><datafield ind1="0" ind2=" " tag="362"><subfield code="a">Vol. 1, no. 1 (Jan. 1, 1805)-v. 1, no. 53 (Dec. 31, 1805).</subfield></datafield><datafield ind1=" " ind2=" " tag="500"><subfield code="a">Paged continuously within volume.</subfield></datafield><datafield ind1=" " ind2=" " tag="530"><subfield code="a">Also issued on microopaque from Readex Microprint Corp.; on microfilm from Harvard University and the State Historical Society of Wisconsin.</subfield></datafield><datafield ind1=" " ind2=" " tag="555"><subfield code="a">Index and title page provided for v. 1.</subfield></datafield><datafield ind1=" " ind2="0" tag="651"><subfield code="a">Windsor (Vt.)</subfield><subfield code="v">Newspapers.</subfield></datafield><datafield ind1=" " ind2="0" tag="651"><subfield code="a">Windsor County (Vt.)</subfield><subfield code="v">Newspapers.</subfield></datafield><datafield ind1=" " ind2="0" tag="651"><subfield code="a">Vermont</subfield><subfield code="v">Newspapers.</subfield></datafield><datafield ind1=" " ind2="0" tag="651"><subfield code="a">New Hampshire</subfield><subfield code="v">Newspapers.</subfield></datafield><datafield ind1=" " ind2="7" tag="655"><subfield code="a">Newspapers.</subfield><subfield code="2">fast</subfield><subfield code="0">(OCoLC)fst01423814</subfield></datafield><datafield ind1=" " ind2="7" tag="651"><subfield code="a">New Hampshire.</subfield><subfield code="2">fast</subfield><subfield code="0">(OCoLC)fst01204318</subfield></datafield><datafield ind1=" " ind2="7" tag="651"><subfield code="a">Vermont.</subfield><subfield code="2">fast</subfield><subfield code="0">(OCoLC)fst01204305</subfield></datafield><datafield ind1=" " ind2="7" tag="651"><subfield code="a">Vermont</subfield><subfield code="z">Windsor.</subfield><subfield code="2">fast</subfield><subfield code="0">(OCoLC)fst01214456</subfield></datafield><datafield ind1=" " ind2="7" tag="651"><subfield code="a">Vermont</subfield><subfield code="z">Windsor County.</subfield><subfield code="2">fast</subfield><subfield code="0">(OCoLC)fst01215300</subfield></datafield><datafield ind1="1" ind2=" " tag="700"><subfield code="a">Mower, Nahum,</subfield><subfield code="d">1779?-1830.</subfield></datafield><datafield ind1=" " ind2=" " tag="752"><subfield code="a">United States</subfield><subfield code="b">Vermont</subfield><subfield code="c">Windsor</subfield><subfield code="d">Windsor.</subfield></datafield><datafield ind1="0" ind2="0" tag="780"><subfield code="t">Windsor federal gazette</subfield><subfield code="x">1053-4024</subfield><subfield code="w">(DLC)sn 84023284</subfield><subfield code="w">(OCoLC)10855192</subfield></datafield><datafield ind1="0" ind2="0" tag="785"><subfield code="t">Post-boy (Windsor, Vt.)</subfield><subfield code="w">(DLC)sn 83025677</subfield><subfield code="w">(OCoLC)9737669</subfield></datafield><datafield ind1=" " ind2=" " tag="938"><subfield code="a">Kirtas Technologies, Inc.</subfield><subfield code="b">KRTS</subfield><subfield code="n">737162</subfield></datafield></record>